<?xml version="1.0" encoding="UTF-8"?><collection xmlns="http://www.loc.gov/MARC21/slim"><record><leader>00483nam--2200181-i-4500</leader><controlfield tag="001">000020038</controlfield><controlfield tag="002">20161230</controlfield><controlfield tag="005">20170109000914</controlfield><controlfield tag="008">060222s1000------------r-----000-0-rus-d</controlfield><datafield ind1=" " ind2=" " tag="040"><subfield code="a">IFIN-HH</subfield></datafield><datafield ind1=" " ind2=" " tag="041"><subfield code="a">rus</subfield></datafield><datafield ind1=" " ind2=" " tag="080"><subfield code="a">53(09):51(09)</subfield></datafield><datafield ind1="1" ind2=" " tag="110"><subfield code="a">Akademia Nauk Ukrainskoi SSR</subfield></datafield><datafield ind1="1" ind2="0" tag="245"><subfield code="a">Iz istorii rzvitia fiziko-matematiceskih nauk. Sbornik naucenih trudov</subfield></datafield><datafield ind1=" " ind2=" " tag="260"><subfield code="a">Kiev</subfield><subfield code="b">Naukova Dumka</subfield><subfield code="c">1981</subfield></datafield><datafield ind1=" " ind2=" " tag="300"><subfield code="a">151 p</subfield></datafield><datafield ind1=" " ind2=" " tag="852"><subfield code="a">70413</subfield><subfield code="c">53</subfield></datafield><datafield ind1=" " ind2=" " tag="CAT"><subfield code="a">SYS</subfield><subfield code="c">20170109</subfield><subfield code="h">000914</subfield></datafield></record></collection>